@article{kingma2014,
  author = {Diederik P. Kingma and Jimmy Lei Ba},
  title = {Adam: A Method for Stochastic Optimization},
  year = {2014},
  url = {https://arxiv.org/abs/1412.6980},
}

@article{wilson2017,
  author = {Ashia C. Wilson and Rebecca Roelofs and Mitchell Stern and Nathan Srebro and Benjamin Recht},
  title = {The Marginal Value of Adaptive Gradient Methods
in Machine Learning},
  year = {2017},
  url = {https://arxiv.org/abs/1705.08292},
}